<?xml version="1.0" encoding="UTF-8"?><record xmlns="http://www.loc.gov/MARC21/slim" xmlns:cinclude="http://apache.org/cocoon/include/1.0" xmlns:zs="http://www.loc.gov/zing/srw/">
  <leader>00524cz  a2200145n  4500</leader>
  <controlfield tag="001">n  90647793 </controlfield>
  <controlfield tag="003">DLC</controlfield>
  <controlfield tag="005">19900605154327.6</controlfield>
  <controlfield tag="008">900522n| acannaab|          |a and |||  </controlfield>
  <datafield tag="010" ind1=" " ind2=" ">
    <subfield code="a">n  90647793 </subfield>
  </datafield>
  <datafield tag="040" ind1=" " ind2=" ">
    <subfield code="a">DLC</subfield>
    <subfield code="c">DLC</subfield>
    <subfield code="d">DLC</subfield>
  </datafield>
  <datafield tag="110" ind1="2" ind2="0">
    <subfield code="a">7th Town Historical Society</subfield>
  </datafield>
  <datafield tag="410" ind1="2" ind2="0">
    <subfield code="a">Seventh Town Historical Society</subfield>
  </datafield>
  <datafield tag="670" ind1=" " ind2=" ">
    <subfield code="a">nuc90-34076: Gunshot and gleanings of the historic ... c1987</subfield>
    <subfield code="b">(hgd. on CaOTU rept.: 7th Town Historical Society; usage: 7th Town Historical Society)</subfield>
  </datafield>
  <datafield tag="670" ind1=" " ind2=" ">
    <subfield code="a">NLC 9/20/89</subfield>
    <subfield code="b">(7th Town Historical Society)</subfield>
  </datafield>
</record>